 @book{pope2000,
    author  = {Stephen B. Pope},
    title   = {Turbulent Flows},
    journal = {Operations Research},
    year    = {2000},
 }
 @book{
 