 @book{turbulentFlows,
    author  = {S. B. Pope},
    title   = {Turbulent Flows},
    publisher = {Cambridge University Press},
    year    = {2010},
 }
  @booklet{fluidmechanikAIA,
    author = {W. Schr\"oder},
    title = {Fluidmechanik},
    year = {2010},
    publisher = {Verlag Mainz},
    howpublished = {lecture notes 'Fluid mechanics'},
 }
 @booklet{studienarbeit,
    author = {S. Fritz},
    title = {Simulation isotroper Turbulenz},
    school = {RWTH Aachen University},
    year = {2003},
    howpublished = {study work},
}
@conference{ValidationOfParticleLadenLargeEddySimulationUsingHPCSystems,
    author = {K. Fr\"ohlich, L. Schneiders, M. Meinke and W. Schr\"oder},
    title = {Validation of Particle-Laden Large-Eddy Simulation using HPC Systems},
    booktitle = {Sustained Simulation Performance 2017},
    note = {unpublished conference document},
    year = {2017},
}
@article{particleladenTurbulentFlows:DirectSimulationAndClosureModels,
    author = {S. Elghobashi},
    title = {Particle-laden turbulent flows: direct simulation and closure models},
    journal = {Applied Scientific Research},
    year = {1991},
}
@book{computationalMethodsforMultiphaseFlow,
    author = {A. Prosperetti and G. Tryggvason},
    title = {Computational Methods for Multiphase Flow},
    publisher = {Cambridge University Press},
    year = {2009},
}
@article{anAdaptiveMultilevelMultigridFormulationForCartesianHierarchicalGridMethods,
   author = {D. Hartmann, M. Meinke, W. Schr\"oder},
   title = {An adaptive multilevel multigrid formulation for Cartesian hierarchical grid methods},
   journal = {Comput. Fluids},
   year = {2008},
}
@article{aStrictlyConservativeCartesianCutCellMethodForCompressibleViscousFlowsOnAdaptiveGrids,
   author = {D. Hartmann, M. Meinke, W. Schr\"oder},
   title = {A strictly conservative Cartesian cut-cell method for compressible viscous flows on adaptive grids},
   journal = {Comput. Meth. Appl. Mech. Eng.},
   year = {2010},
}
   
